<?xml version="1.0" encoding="UTF-8"?><collection><record><leader>02844ntm a2200445 a 4500</leader><controlfield tag="001">002583100</controlfield><controlfield tag="003">MiAaHDL</controlfield><controlfield tag="005">20190719000000.0</controlfield><controlfield tag="006">m        d        </controlfield><controlfield tag="007">cr bn ---auaua</controlfield><controlfield tag="008">921209q16uu17uuxx            00||  ara d</controlfield><datafield tag="035" ind1=" " ind2=" "><subfield code="a">(MiU)002583100</subfield></datafield><datafield tag="035" ind1=" " ind2=" "><subfield code="a">sdr-miu002583100</subfield></datafield><datafield tag="035" ind1=" " ind2=" "><subfield code="a">(RLIN)MIUH92-A49</subfield></datafield><datafield tag="040" ind1=" " ind2=" "><subfield code="a">MiU</subfield><subfield code="c">MiU</subfield><subfield code="e">appm</subfield></datafield><datafield tag="100" ind1="1" ind2=" "><subfield code="6">880-01</subfield><subfield code="a">Tāj al-Saʻīdī, Mīr Abū al-Fatḥ Muḥammad ibn Amīn,</subfield><subfield code="d">16th cent.</subfield></datafield><datafield tag="245" ind1="1" ind2="0"><subfield code="a">Treatise on logic :</subfield><subfield code="k">manuscript,</subfield><subfield code="f">[17th or 18th century?].</subfield></datafield><datafield tag="300" ind1=" " ind2=" "><subfield code="a">1</subfield><subfield code="f">v. ([52] p. on 13 lvs.) ;</subfield><subfield code="c">22 cm.</subfield></datafield><datafield tag="500" ind1=" " ind2=" "><subfield code="a">Text rubricated; corrections and substantial marginal notes in hand of copyist and others; on p. [1] in margins: ḥāshiyat Ulugh Bayk ... qurrat ḥāshiyat al-musammayāt bi-Ulūgh Bayk al-wāqiʻ ʻalá al-Masʻūd al-Rūmī.</subfield></datafield><datafield tag="510" ind1="4" ind2=" "><subfield code="a">GAL,</subfield><subfield code="c">v. I, p. 615; GAL, Suppl. I, p. 849.</subfield></datafield><datafield tag="520" ind1="8" ind2=" "><subfield code="a">"Glosses on the commentary of Kamāl al-Dīn Masʻūd ibn Ḥusain al-Shirwānī al-Rūmī (d. 905/1499) on the Ādāb al-baḥth ... of Shams al-Dīn Muḥammad ibn Ashraf al-Ḥusainī al-Samarḳandī (fl. 690/1291)." Cataloging by Elinor M. Husselman, 1945.</subfield></datafield><datafield tag="520" ind1=" " ind2=" "><subfield code="a">On dialectics.</subfield></datafield><datafield tag="538" ind1=" " ind2=" "><subfield code="a">Mode of access: Internet.</subfield></datafield><datafield tag="541" ind1=" " ind2=" "><subfield code="d">07/--/36</subfield><subfield code="3">Manuscript</subfield><subfield code="a">McGregor Fund</subfield><subfield code="c">Purchase, 1933/34</subfield></datafield><datafield tag="545" ind1=" " ind2=" "><subfield code="a">Pupil of Qāḍī Zādah, important 15th-cent. Persian astronomer.</subfield></datafield><datafield tag="561" ind1=" " ind2=" "><subfield code="a">Purchased in Cairo, 1933/34. Owner's mark: on cover, manuscript notes in handwriting of Max Meyerhof.</subfield></datafield><datafield tag="600" ind1="0" ind2="0"><subfield code="6">880-04</subfield><subfield code="a">Ulugh Beg,</subfield><subfield code="d">1394-1449.</subfield></datafield><datafield tag="600" ind1="1" ind2="4"><subfield code="6">880-03</subfield><subfield code="a">Shirwānī al-Rūmī, Kamāl al-Dīn Masʻūd ibn Ḥusayn,</subfield><subfield code="d">d. 1499.</subfield><subfield code="t">Masʻūdī.</subfield></datafield><datafield tag="600" ind1="1" ind2="0"><subfield code="6">880-02</subfield><subfield code="a">Samarqandī, Muḥammad ibn Ashraf,</subfield><subfield code="d">13th cent.</subfield><subfield code="t">Risālah fī ādāb al-baḥth.</subfield></datafield><datafield tag="650" ind1=" " ind2="0"><subfield code="a">Logic</subfield><subfield code="y">Early works to 1800.</subfield></datafield><datafield tag="650" ind1=" " ind2="0"><subfield code="a">Manuscripts, Arabic</subfield><subfield code="z">Michigan</subfield><subfield code="z">Ann Arbor.</subfield></datafield><datafield tag="700" ind1="1" ind2=" "><subfield code="6">880-06</subfield><subfield code="a">Shirwānī al-Rūmī, Kamāl al-Dīn Masʻūd ibn Ḥusayn,</subfield><subfield code="d">d. 1499.</subfield><subfield code="t">Masʻūdī.</subfield></datafield><datafield tag="700" ind1="1" ind2=" "><subfield code="6">880-05</subfield><subfield code="a">Samarqandī, Muḥammad ibn Ashraf,</subfield><subfield code="d">active 13th century.</subfield><subfield code="t">Risālah fī ādāb al-baḥth.</subfield></datafield><datafield tag="700" ind1="1" ind2=" "><subfield code="a">Meyerhof, Max,</subfield><subfield code="d">1874-1945,</subfield><subfield code="e">former owner.</subfield></datafield><datafield tag="773" ind1="0" ind2=" "><subfield code="a">Tracy W. McGregor Collection of Arabic, Persian, and Turkish Mathematical and Astronomical Manuscripts.</subfield><subfield code="7">unbc</subfield><subfield code="w">(CStRLIN)MIUH92-A20.</subfield></datafield><datafield tag="880" ind1="0" ind2=" "><subfield code="6">700-06/</subfield><subfield code="a">كمال الدين مسعود بن حسين الشرواني الرومي.</subfield><subfield code="t">مسعودي.</subfield></datafield><datafield tag="880" ind1="0" ind2=" "><subfield code="6">700-05/</subfield><subfield code="a">محمد بن أشرف السمرقندي.</subfield><subfield code="t">رسالة في آداب البحث.</subfield></datafield><datafield tag="880" ind1="0" ind2="0"><subfield code="6">600-04/</subfield><subfield code="a">ألوغ بك.</subfield></datafield><datafield tag="880" ind1="0" ind2="4"><subfield code="6">600-03/</subfield><subfield code="a">كمال الدين مسعود بن حسين الشرواني الرومي.</subfield><subfield code="t">مسعودي.</subfield></datafield><datafield tag="880" ind1="0" ind2="0"><subfield code="6">600-02/</subfield><subfield code="a">محمد بن أشرف السمرقندي.</subfield><subfield code="t">رسالة في آداب البحث.</subfield></datafield><datafield tag="880" ind1="0" ind2=" "><subfield code="6">100-01/</subfield><subfield code="a">مير أبو الفتح محمد بن أمين تاج السعيدي.</subfield></datafield><datafield tag="CID" ind1=" " ind2=" "><subfield code="a">002583100</subfield></datafield><datafield tag="DAT" ind1="0" ind2=" "><subfield code="a">20190719102632.0</subfield><subfield code="b">20190719000000.0</subfield></datafield><datafield tag="DAT" ind1="1" ind2=" "><subfield code="a">20190719090653.0</subfield><subfield code="b">2019-07-19T16:10:33Z</subfield></datafield><datafield tag="DAT" ind1="2" ind2=" "><subfield code="a">2015-10-10T18:00:06Z</subfield></datafield><datafield tag="CAT" ind1=" " ind2=" "><subfield code="a">SDR-MIU</subfield><subfield code="d">EX LIBRIS - ALEPH</subfield><subfield code="l">prepare.pl-004-008</subfield></datafield><datafield tag="FMT" ind1=" " ind2=" "><subfield code="a">BK</subfield></datafield><datafield tag="HOL" ind1=" " ind2=" "><subfield code="0">sdr-miu002583100</subfield><subfield code="a">MiU</subfield><subfield code="b">SDR</subfield><subfield code="c">MIU</subfield><subfield code="p">mdp.39015081446943</subfield><subfield code="s">MIU</subfield><subfield code="1">002583100</subfield></datafield><datafield tag="974" ind1=" " ind2=" "><subfield code="b">MIU</subfield><subfield code="c">MIU</subfield><subfield code="d">20190719</subfield><subfield code="s">lit-dlps-dc</subfield><subfield code="u">mdp.39015081446943</subfield><subfield code="y">1799</subfield><subfield code="r">pd</subfield><subfield code="q">bib</subfield><subfield code="t">non-US bib date2 &lt; 1879</subfield></datafield></record></collection>